







@article{doi:10.1021/ja01355a027,
author = {Pauling, Linus.},
title = {THE NATURE OF THE CHEMICAL BOND. APPLICATION OF RESULTS OBTAINED FROM THE QUANTUM MECHANICS AND FROM A THEORY OF PARAMAGNETIC SUSCEPTIBILITY TO THE STRUCTURE OF MOLECULES},
journal = {Journal of the American Chemical Society},
volume = {53},
number = {4},
pages = {1367-1400},
year = {1931},
doi = {10.1021/ja01355a027},

URL = { 
    
        https://doi.org/10.1021/ja01355a027
    
    

},
eprint = { 
    
        https://doi.org/10.1021/ja01355a027
    
    

}

}


