







@article{doi:10.1021/ed074p709,
author = {Garofalo, Anthony},
title = {Housing Electrons: Relating Quantum Numbers, Energy Levels, and Electron Configuration},
journal = {Journal of Chemical Education},
volume = {74},
number = {6},
pages = {709},
year = {1997},
doi = {10.1021/ed074p709},

URL = { 
    
        https://doi.org/10.1021/ed074p709
    
    

},
eprint = { 
    
        https://doi.org/10.1021/ed074p709
    
    

}

}


